=LDR  01633 am a22004337a 4500
=001  013359059
=003  Uk
=005  20080418111239.0
=006  m\\\\|\\\d\|\\\\\\
=007  cr||||||||||||
=008  051213s2004\\\\gw\\\\\\rb\\\\000\0\eng\\
=040  \\$aUk$beng$cUk
=042  \\$aukblsr
=082  04$a346.6690323$222
=100  1\$aBelgore, Yakubu.
=245  10$aProblems with litigating oil pollutions injuries in Nigerian courts :$bcan litigants gain access to courts in England and the USA? /$cby Yakubu Belgore.
=260  \\$a[Limbach] :$bOGEL - Oil, Gas & Energy Law Intelligence,$c2004.
=336  \\$atext$2rdacontent
=337  \\$acomputer$2rdamedia
=338  \\$aonline resource$2rdacarrier
=490  1\$aOGEL special study ;$vv. 2
=500  \\$aTitle from PDF title page (viewed on 14 Feb., 2006)
=516  \\$aText (PDF)
=533  \\$aPrintout.$b[London :$cBritish Library,$d2006]$e134 p. ; 30 cm.$nDownload received 13 Feb., 2006.
=538  \\$aMode of access: World Wide Web.
=538  \\$aSystem requirements: Adobe Acrobat Reader.
=830  \0$aOGEL special study ;$vv. 2
=852  41$aBritish Library$bDSC
=CAT  \\$a10958$b40$c20051213$lBLL01$h1057
=CAT  \\$a10958$b40$c20051213$lBLL01$h1101
=CAT  \\$a8141$b40$c20060214$lBLL01$h0923
=CAT  \\$a6550$b40$c20080418$lBLL01$h1112
=CAT  \\$aBATCH$b00$c20091217$lBLL01$h0408
=CAT  \\$aBATCH$b00$c20100103$lBLL01$h1202
=CAT  \\$aW1711-1225$c20171203$lBLL01$h1023
=FIN  \\$aY$d20060214
=FMT  \\$a  BK
=LAS  \\$aW1711-1225$b00$c20171203$lBLL01$h1023
=STA  \\$aSUPPRESSED$bunable to determine reason for suppression

