=LDR  01286 am a2200397 a 4500
=001  013427267
=003  Uk
=005  20060315110959.0
=006  m\\\\|\\\d\|\\\\\\
=007  cr||||||||||||
=008  060315s2003\\\\enk||||\s||||\00|\0\eng\\
=015  \\$aGBA632449$2bnb
=020  \\$cNo price
=040  \\$aUk$beng$cUk
=042  \\$aukblsr
=082  04$a381.45664660951$222
=245  04$aThe market for pet food and pet care products in China$h[electronic resource].
=260  \\$a[London] :$bEuromonitor,$c2003.
=336  \\$atext$2rdacontent
=337  \\$acomputer$2rdamedia
=338  \\$aonline resource$2rdacarrier
=500  \\$aTitle from PDF title page (viewed on 15 Mar., 2006)
=516  \\$aPDF format.
=530  \\$aAlso issued in print, html and Word formats.
=538  \\$aMode of access: World Wide Web.
=538  \\$aSystem requirements: Adobe Acrobat Reader.
=650  \0$aPet food industry$zChina.
=650  \0$aPet industry$zChina.
=710  2\$aEuromonitor PLC.
=852  \\$aBritish Library$bSTI
=CAT  \\$a8141$b40$c20060315$lBLL01$h1109
=CAT  \\$aW1711-1225$c20171203$lBLL01$h1023
=FIN  \\$aY$d20060315
=FMT  \\$a  BK
=LAS  \\$aW1711-1225$b00$c20171203$lBLL01$h1023
=STA  \\$aSUPPRESSED$bunable to determine reason for suppression

