=LDR  01165cas a22003373a 4500
=001  013679399
=003  Uk
=005  20210622110646.0
=007  cr\|||||||||||
=008  070221c\\\\9999\\\|\|p\\\\\\\\\\\a0eng\\
=040  \\$aUk$beng$cUk
=245  \0$aSydney morning herald.
=260  \\$aSouth Melbourne :$bSmedia Digital Publishing and Marketing.
=336  \\$atext$2rdacontent
=337  \\$acomputer$2rdamedia
=338  \\$aonline resource$2rdacarrier
=852  41$aBritish Library$bHMNTS
=883  0\$aLanguage codes assigned by Bayesian analysis of words present in record$d20201028$qUk$c0.9010
=985  \\$aUpgraded by BSS-generated file for WR2011-1472
=CAT  \\$a6524$b40$c20070221$lBLL01$h1329
=CAT  \\$a6524$b40$c20070227$lBLL01$h1114
=CAT  \\$a6524$b40$c20070227$lBLL01$h1118
=CAT  \\$a6524$b40$c20070227$lBLL01$h1612
=CAT  \\$aBATCH-UPD$b40$c20131021$lBLL01$h1141
=CAT  \\$a8874$b40$c20181214$lBLL01$h1407
=CAT  \\$aW2011-1472$b00$c20201127$lBLL01$h1810
=CAT  \\$a8874$b40$c20210622$lBLL01$h1106
=FMT  \\$a  SE
=LAS  \\$a8874$b40$c20210622$lBLL01$h1106
=STA  \\$aSUPPRESSED$bDatabase
=TCO  \\$aZZZ$c008

