=LDR  01786 as a2200505 a 4500
=001  012445150
=003  Uk
=005  20050413165807.0
=006  m\\\\\\\\d\|\\\\\\
=007  cr|cn\||||||||
=008  040415c200u9999xxcuu\p\sd\\\\0\\\a0eng\\
=040  \\$aUk$beng$cUk
=041  0\$aeng$blat$bgre
=042  \\$aukblsr
=082  04$a429.321$222
=245  00$aDictionary of old English$h[electronic resource] :$bold English corpus.
=246  30$aDOE corpus
=246  30$aOld English corpus
=246  1\$iAlso known as:$aDictionary of Old English electronic corpus
=260  \\$aToronto:$bUniversity of Toronto.
=336  \\$atext$2rdacontent
=337  \\$acomputer$2rdamedia
=338  \\$aonline resource$2rdacarrier
=500  \\$aTitle from title screen (viewed on 13 Apr. 2005)
=520  \\$aA complete record of surviving Old English except for some variant manuscripts of individual texts.
=530  \\$aAlso issued on CD-ROM
=538  \\$aMode of access: World Wide Web.
=546  \\$aSome Latin or Greek included in the Old English texts
=650  \0$aEnglish language$yOld English, ca. 450-1100$vDictionaries.
=852  41$aBritish Library$bHMNTS
=A02  \\$a1343610$z143610
=CAT  \\$aCONV$b00$c20040425$lBLL90$h0713
=CAT  \\$aCONV$b00$c20040502$lBLL01$h1509
=CAT  \\$a3072$b40$c20050413$lBLL01$h1655
=CAT  \\$a3072$b40$c20050413$lBLL01$h1658
=CAT  \\$aBATCH$b00$c20091210$lBLL01$h2335
=CAT  \\$aBATCH$b00$c20091214$lBLL01$h0847
=CAT  \\$aBATCH$b00$c20091216$lBLL01$h0220
=CAT  \\$aBATCH-UPD$b00$c20131021$lBLL01$h1141
=FIN  \\$aY$d20050413
=FMT  \\$a  SE
=LAS  \\$aBATCH-UPD$b00$c20131021$lBLL01$h1141
=SRC  \\$aDSS02$bbibh.200404.2.aa
=STA  \\$aSUPPRESSED$bDatabase
=TCO  \\$aCAN$bAccess$c008

