=LDR  03307cai a2200745 a 4500
=001  007199494
=003  Uk
=005  20220222112424.0
=006  m\\\\\o\\d\\\\\\\\
=007  cr\|||||||||||
=008  981124c19999999enk\x\dso\\\\\0\\\a2eng\d
=016  7\$aCAT30956618$2DNAL
=035  \\$a(OCoLC)1289031831
=040  \\$aAGL$beng$cAGL$dOCLCF$dOCLCO$dUk
=042  \\$aukblsr
=070  0\$aHC21$b.C682
=072  \0$aX700
=082  04$a330.9$223
=130  0\$aCountry report (Online)
=245  10$aCountry report$h[electronic resource] /$cEconomist Intelligence Unit.
=246  1\$iAlso known as:$aEIU country reports
=246  1\$iTitle from HTML header:$aEIU.com
=260  \\$a[London] :$bEconomist Intelligence Unit
=310  \\$aUpdated frequently
=336  \\$atext$2rdacontent
=337  \\$acomputer$2rdamedia
=338  \\$aonline resource$2rdacarrier
=362  0\$aBegan in 1999?
=506  \\$aAccess restricted to subscribering institutions.
=520  \\$aUnbiased, in-depth analysis of current political, policy and economic trends with an 18 month outlook. Quarterly and annual statistics with at least 150 data points picked from the most reliable sources and reviewed by our analysts to provide consistent, objective and impartial coverage. Equivalent coverage across over 195 countries worldwide, making it easy to compare national conditions.
=530  \\$aMany reports also available in print editions, microform editions, and on CD-ROMs.
=538  \\$aMode of access: World Wide Web.
=588  \\$aDescription based on EIU.com country report home page (viewed July 18, 2006).
=650  \0$aWorld politics$vDatabases.
=650  \0$aInternational economic relations$vDatabases.
=650  \0$aInternational finance$vDatabases.
=650  \0$aInternational business enterprises$vDatabases.
=650  \0$aInvestments, Foreign$vDatabases.
=650  \7$aInternational business enterprises.$2fast$0(OCoLC)fst00976774
=650  \7$aInternational economic relations.$2fast$0(OCoLC)fst00976891
=650  \7$aInternational finance.$2fast$0(OCoLC)fst00976945
=650  \7$aInvestments, Foreign.$2fast$0(OCoLC)fst00978370
=650  \7$aWorld politics.$2fast$0(OCoLC)fst01181381
=655  \7$aDatabases.$2fast$0(OCoLC)fst01411643
=710  2\$aEconomist Intelligence Unit (Great Britain)
=852  41$aBritish Library$bSTI
=985  \\$aAs of 21/2/21 the 245 brief record just had: EIU COUNTRY REORTS - ONLINE in title. Resource not reviewed since - suitable OCLC record overlayed.
=985  \\$aN.B. REPLACED BY 020487292 "EIU VIEWPOINT" - SEE THAT RECORD FOR 2022 ETC ORDER INFO.
=A02  \\$a3010274$z0
=CAT  \\$aCONV$b00$c20040425$lBLL90$h0713
=CAT  \\$aCONV$b00$c20040502$lBLL01$h1212
=CAT  \\$aBATCH$b00$c20091207$lBLL01$h0418
=CAT  \\$aBATCH$b00$c20091214$lBLL01$h0223
=CAT  \\$aBATCH$b00$c20091216$lBLL01$h0043
=CAT  \\$aW2102-0046$b00$c20210423$lBLL01$h1817
=CAT  \\$a3072$b40$c20220221$lBLL01$h1826
=CAT  \\$a3072$b40$c20220222$lBLL01$h1015
=CAT  \\$a3072$b40$c20220222$lBLL01$h1124
=FIN  \\$aY$d20220221
=FMT  \\$a  SE
=LAS  \\$a3072$b40$c20220222$lBLL01$h1124
=SID  \\$aZ39$bOCLC
=SRC  \\$aDSS03$bbibsr.200404.2.aa
=STA  \\$aSUPPRESSED$bDatabase
=TCO  \\$aZZZ$c008

