=LDR  00701cas a22002295i 4500
=001  020100020
=003  Uk
=005  20210205145745.0
=006  m\\\\\|\\d\|\\\\\\
=007  cr\|||||||||||
=008  210205c\\\\9999\\\\\\p\o\\\\\0\\\a0eng\\
=245  00$aWaterloo Directory of Irish Newspapers & Periodicals, 1800-1900.
=264  \1$bNorth Waterloo Academic Press.
=336  \\$atext$2rdacontent
=337  \\$acomputer$2rdamedia
=338  \\$aonline resource$2rdacarrier
=852  41$aBritish Library$bHMNTS
=985  \\$aPurchased accessioning record awaiting upgrade
=CAT  \\$a10902$b40$c20210205$lBLL01$h1457
=FMT  \\$a  SE
=LAS  \\$a10902$b40$c20210205$lBLL01$h1457
=STA  \\$aSUPPRESSED$bDatabase

