=LDR  00656 as a22002297i 4500
=001  019197436
=003  Uk
=005  20190102112741.0
=006  m\\\\\|\\d\|\\\\\\
=007  cr\|||||||||||
=008  190102c\\\\9999\\\\\\p\o\\\\\0\\\a0eng\\
=245  00$aCI Full Set Global.
=264  \1$bThe Economist Intelligence Unit.
=336  \\$atext$2rdacontent
=337  \\$acomputer$2rdamedia
=338  \\$aonline resource$2rdacarrier
=852  41$aBritish Library$bSTI
=985  \\$aPurchased accessioning record awaiting upgrade
=CAT  \\$a10902$b40$c20190102$lBLL01$h1127
=FMT  \\$a  SE
=LAS  \\$a10902$b40$c20190102$lBLL01$h1127
=STA  \\$aSUPPRESSED$bDatabase

