=LDR  00780cas a2200253 i 4500
=001  019457212
=003  Uk
=005  20230622170836.0
=006  m\\\\\\\\d\|\\\\\\
=007  c|||||||||||||
=008  190703c19uu9999enk\\\\\s\\\\\0\\\a0eng\\
=245  00$aInvestigator people, places and documents modules.
=264  \1$bWilmington Healthcare.
=336  \\$atext$2rdacontent
=337  \\$acomputer$2rdamedia
=338  \\$aonline resource$2rdacarrier
=852  41$aBritish Library$bSTI
=985  \\$aPurchased accessioning record awaiting upgrade
=CAT  \\$a10902$b40$c20190703$lBLL01$h1446
=CAT  \\$a3391$b40$c20191101$lBLL01$h1215
=CAT  \\$aW2306-1299$c20230622$lBLL01$h1710
=FMT  \\$a  SE
=LAS  \\$aW2306-1299$b00$c20230622$lBLL01$h1710
=STA  \\$aSUPPRESSED$bDatabase

