=LDR  01341 am a2200397 i 4500
=001  016293079
=003  Uk
=005  20140211145859.0
=006  m\\\\||\\d\|\\\\\\
=007  cr\|||||||||||
=008  130304s2012\\\\enk\\\\\o\\\\\0|0\0|eng\\
=015  \\$aGBB416890$2bnb
=020  \\$z9780957176010
=040  \\$aUk$beng$cUk$erda
=042  \\$aukblsr
=082  04$a128.33$223
=100  1\$aKin, C.,$eauthor.
=245  10$aSgalawaki /$cby C. Kin.
=264  \1$a[Great Britain] :$bCode of Company?!,$c2012.
=300  \\$a1 online resource (156 unnumbered pages)
=336  \\$atext$2rdacontent
=337  \\$acomputer$2rdamedia
=338  \\$aonline resource$2rdacarrier
=505  0\$aSurvival -- Self preservation -- Nature -- Civilisation : (hu)man made intervention.
=588  \\$aDescription based on online resource; title from PDF cover (viewed on February 11, 2014).
=650  \0$aReason.
=852  41$aBritish Library$bHMNTS
=CAT  \\$a12664$b40$c20130304$lBLL01$h1334
=CAT  \\$a12664$b40$c20130304$lBLL01$h1335
=CAT  \\$a12181$b40$c20140211$lBLL01$h1452
=CAT  \\$a12181$b40$c20140211$lBLL01$h1458
=CAT  \\$aW1711-1225$c20171203$lBLL01$h1052
=FIN  \\$aY$d20140211
=FMT  \\$a  BK
=LAS  \\$aW1711-1225$b00$c20171203$lBLL01$h1052
=STA  \\$aSUPPRESSED$bunable to determine reason for suppression

