=LDR  00654 as a22002297i 4500
=001  018269631
=003  Uk
=005  20170321115224.0
=006  m\\\\\|\\d\|\\\\\\
=007  cr\|||||||||||
=008  170321c\\\\9999\\\\\\p\o\\\\\0\\\a0eng\\
=245  00$aOxford Islamic studies.
=264  \1$bOxford University Press.
=336  \\$atext$2rdacontent
=337  \\$acomputer$2rdamedia
=338  \\$aonline resource$2rdacarrier
=852  41$aBritish Library$bHMNTS
=985  \\$aPurchased accessioning record awaiting upgrade
=CAT  \\$a10902$b40$c20170321$lBLL01$h1152
=FMT  \\$a  SE
=LAS  \\$a10902$b40$c20170321$lBLL01$h1152
=STA  \\$aSUPPRESSED$bDatabase

