=LDR  00653 as a22002297i 4500
=001  016710084
=003  Uk
=005  20140507092059.0
=006  m\\\\\|\\d\|\\\\\\
=007  cr\|||||||||||
=008  140507c\\\\9999\\\\\\p\o\\\\\0\\\a0eng\\
=245  00$aKC Journal
=264  \1$bKennel Club
=336  \\$atext$2rdacontent
=337  \\$acomputer$2rdamedia
=338  \\$aonline resource$2rdacarrier
=852  41$aBritish Library$bHMNTS
=CAT  \\$a8311$b40$c20140507$lBLL01$h0920
=CAT  \\$aW1711-1225$c20171203$lBLL01$h1055
=FMT  \\$a  SE
=LAS  \\$aW1711-1225$b00$c20171203$lBLL01$h1055
=STA  \\$aSUPPRESSED$bunable to determine reason for suppression

