=LDR  01346 am a2200409 a 4500
=001  013611656
=003  Uk
=005  20070110114251.0
=006  m\\\\|\\\d\|\\\\\\
=007  cr||||||||||||
=008  061127s2006\\\\enk||||\s||||o00|\0\eng\\
=015  \\$aGBA703366$2bnb
=020  \\$cNo price
=040  \\$aUk$beng$cUk
=042  \\$aukblsr
=082  04$a387.09538$222
=245  00$aSaudia Arabia$h[electronic resource] :$breport on the kingdom of Saudi Arabia airports market.
=260  \\$a[London] :$bUK Trade & Investment,$c2006.
=336  \\$atext$2rdacontent
=337  \\$acomputer$2rdamedia
=338  \\$aonline resource$2rdacarrier
=500  \\$aTitle from PDF title page (viewed on 10 Jan., 2007)
=500  \\$aURN 06/2140.
=516  \\$aPDF format.
=538  \\$aMode of access: World Wide Web.
=538  \\$aSystem requirements: Adobe Acrobat Reader.
=650  \0$aAeronautics, Commercial$zSaudi Arabia.
=650  \0$aAirports$zSaudi Arabia.
=710  2\$aUK Trade & Investment.
=852  41$aBritish Library$bHMNTS
=CAT  \\$a7750$b40$c20061127$lBLL01$h1603
=CAT  \\$a8141$b40$c20070110$lBLL01$h1142
=CAT  \\$aW1711-1225$c20171203$lBLL01$h1025
=FIN  \\$aY$d20070110
=FMT  \\$a  BK
=LAS  \\$aW1711-1225$b00$c20171203$lBLL01$h1025
=STA  \\$aSUPPRESSED$bunable to determine reason for suppression

