=LDR  01929 am a2200553 a 4500
=001  013804928
=003  Uk
=005  20090825085416.0
=006  m\\\\|\\\d\|\\\\\\
=007  cr||||||||||||
=008  070731s2006\\\\enk\\\\\sb\\\o000\0\eng\\
=015  \\$aGBA767977$2bnb
=020  \\$cNo price
=040  \\$aUk$beng$cUk
=042  \\$aukblsr
=082  04$a641.38$222
=100  1\$aKnaggs, Michael.
=245  10$aChloramphenicol in honey.$pOctober - November 2006$h[electronic resource] /$cprepared on behalf of FAPAS by Michael Knaggs.
=260  \\$aSand Hutton :$bFAPAS,$cc2006.
=336  \\$atext$2rdacontent
=337  \\$acomputer$2rdamedia
=338  \\$aonline resource$2rdacarrier
=490  1\$aFAPAS proficiency test ;$v0281
=500  \\$aTitle from PDF p. 1 (viewed on 28 Aug., 2007).
=500  \\$a"Report."
=504  \\$aIncludes bibliographical references.
=516  \\$aPDF format.
=538  \\$aMode of access: World Wide Web.
=538  \\$aSystem requirements: Adobe Acrobat Reader.
=650  \0$aHoney$xTesting.
=650  \0$aHoney$xAnalysis.
=650  \0$aChloramphenicol$xAnalysis.
=650  \0$aAntibiotic residues.
=650  \0$aChemical laboratories$xQuality control.
=710  1\$aGreat Britain.$bFood Analysis Performance Assessment Scheme.
=710  2\$aCentral Science Laboratory (Great Britain)
=830  \0$aFAPAS proficiency test ;$v0281
=852  41$aBritish Library$bHMNTS
=CAT  \\$a7750$b40$c20070731$lBLL01$h1422
=CAT  \\$a7750$b40$c20070731$lBLL01$h1424
=CAT  \\$a7332$b40$c20070828$lBLL01$h1111
=CAT  \\$a7750$b40$c20090825$lBLL01$h0854
=CAT  \\$aBATCH$b00$c20091217$lBLL01$h0502
=CAT  \\$aBATCH$b00$c20100103$lBLL01$h1255
=CAT  \\$aW1711-1225$c20171203$lBLL01$h1027
=FIN  \\$aY$d20070828
=FMT  \\$a  BK
=LAS  \\$aW1711-1225$b00$c20171203$lBLL01$h1027
=STA  \\$aSUPPRESSED$bunable to determine reason for suppression

