=LDR  01596 am a2200445 a 4500
=001  015728080
=003  Uk
=005  20130327151411.0
=006  m\\\\|\\\d\|\\\\\\
=007  cr\|||||||||||
=008  121208s2009\\\\enka\\\\o\\\\\000\0\eng\d
=015  \\$aGBB333429$2bnb
=040  \\$aIiNdDKA$beng$cIiNdDKA
=042  \\$aukblsr
=043  \\$ae-uk-en$ae-uk-wl
=082  04$a364.40942$223
=245  00$aCrime and disorder reduction partnership survey 2009$h[electronic resource] :$ba survey of local authorities in England and Wales.
=260  \\$aLondon :$bLocal Government Association,$c2009.
=300  \\$a1 online resource (21 p.) :$bcol. ill.
=336  \\$atext$2rdacontent
=337  \\$acomputer$2rdamedia
=338  \\$aonline resource$2rdacarrier
=500  \\$aTitle from PDF cover (viewed on Dec. 8, 2012).
=650  \0$aCrime prevention$zEngland.
=650  \0$aCrime prevention$zWales.
=650  \0$aDisorderly conduct$zEngland$xPrevention.
=650  \0$aDisorderly conduct$zWales$xPrevention.
=710  2\$aLocal Government Association (England and Wales)
=852  41$aBritish Library$bHMNTS
=985  \\$aNETCAT record
=CAT  \\$a10853$b40$c20110110$lBLL01$h1410
=CAT  \\$a11315$b40$c20110125$lBLL01$h1133
=CAT  \\$a11315$b40$c20110125$lBLL01$h1135
=CAT  \\$aBATCH-SURR$b00$c20130327$lBLL01$h1511
=CAT  \\$aW1711-1225$c20171203$lBLL01$h1041
=FIN  \\$aY$d20130327
=FMT  \\$a  BK
=LAS  \\$aW1711-1225$b00$c20171203$lBLL01$h1041
=SRC  \\$aNETCAT$be2262.mrc.20130327
=STA  \\$aSUPPRESSED$bunable to determine reason for suppression

