=LDR  01716 am a2200469 a 4500
=001  014940516
=003  Uk
=005  20100215100238.0
=006  m\\\\|\\\d\|\\\\\\
=007  cr||||||||||||
=008  090326s2008\\\\enk||||\sb\\\o000\0\eng\\
=015  \\$aGBA953213$2bnb
=020  \\$z9781845621803 (print)
=020  \\$cNo price
=040  \\$aUk$beng$cUk
=042  \\$aukblsr
=082  04$a362.1068$222
=245  00$aSpotlight on complaints$h[electronic resource] :$ba report on second-stage complaints about the NHS in England.
=260  \\$aLondon :$bHealthcare Commission,$c2008.
=300  \\$a56 p. :$bdigital, PDF file.
=336  \\$atext$2rdacontent
=337  \\$acomputer$2rdamedia
=338  \\$aonline resource$2rdacarrier
=500  \\$aTitle from PDF title page (viewed on June 1, 2009).
=500  \\$a"April 2008."
=504  \\$aIncludes bibliographical references.
=530  \\$aAlso issued in print format.
=538  \\$aMode of access: World Wide Web.
=538  \\$aSystem requirements: Adobe Acrobat Reader.
=650  \0$aHealth facilities$xComplaints against$zEngland$xManagement.
=650  \0$aHospitals$xComplaints against$zEngland$xManagement.
=650  \0$aComplaints (Administrative procedure)$zEngland.
=710  1\$aGreat Britain.$bCommission for Healthcare Audit and Inspection.
=852  \\$aBritish Library$bHMNTS
=CAT  \\$a7750$b40$c20090326$lBLL01$h1401
=CAT  \\$a8141$b40$c20090601$lBLL01$h1519
=CAT  \\$a10775$b40$c20100215$lBLL01$h1002
=CAT  \\$aW1711-1225$c20171203$lBLL01$h1033
=FIN  \\$aY$d20090601
=FMT  \\$a  BK
=LAS  \\$aW1711-1225$b00$c20171203$lBLL01$h1033
=STA  \\$aSUPPRESSED$bunable to determine reason for suppression

